@InProceedings{Black-etal:1991,
  author    = {S. Abney and S. Flickenger and C. Gdaniec and C. Grishman and P. Harrison and D. Hindle and R. Ingria and F. Jelinek and J. Klavans and M. Liberman and M. Marcus and S. Roukos and B. Santorini and T. Strzalkowski},
  title     = {Procedure for quantitatively comparing the syntactic coverage of English grammars},
  booktitle = {Proceedings of the workshop on Speech and Natural Language},
  address   = {Pacific Grove, California, USA},
  month     = {February},
  pages     = {306--311},
  year      = {1991},
}

@Article{Atterer-Shutze:2007,
  author    = {Michaela Atterer and Hinrich Sch\"utze},
  title     = {Prepositional Phrase Attachment without Oracles},
  address   = {Cambridge, Massachusetts, USA},
  journal   = {Computational Linguistics},
  number    = {4},
  pages     = {469--476},
  publisher = {MIT Press},
  volume    = {33},
  year      = {2007},
}

@InProceedings{Auli-Lopez:2011,
  author    = {Michael Auli and Adam Lopez},
  title     = {A Comparison of Loopy Belief Propagation and Dual Decomposition for Integrated CCG Supertagging and Parsing},
  booktitle = {Proceedings of {ACL}},
  address   = {Portland, Oregon, USA},
  month     = {June},
  pages     = {470--480},
  year      = {2011},
}

@InProceedings{Bansal-Klein:2011,
  author    = {Mohit Bansal and Dan Klein},
  title     = {Web-scale features for full-scale parsing},
  booktitle = {Proceedings of {ACL}},
  address   = {Portland, Oregon, USA},
  month     = {June},
  pages     = {693--702},
  year      = {2011},
}

Analysing particular errors through the design of a new dataset
@InProceedings{Bender:2011:PEO:2145432.2145479,
  author    = {Emily M. Bender and Dan Flickinger and Stephan Oepen and Yi Zhang},
  title     = {Parser evaluation over local and non-local deep dependencies in a large corpus},
  booktitle = {Proceedings of {EMNLP}},
  address   = {Edinburgh, United Kingdom},
  month     = {July},
  pages     = {397--408},
  year      = {2011},
}

@Article{Bikel:2004,
  author    = {Daniel M. Bikel},
  title     = {Intricacies of Collins' Parsing Model},
  address   = {Cambridge, Massachusetts, USA},
  journal   = {Computational Linguistics},
  number    = {4},
  pages     = {479--511},
  publisher = {MIT Press},
  volume    = {30},
  year      = {2004},
}

@InProceedings{Bodenstab-Dunlop-Hall-Roark:2011,
  author    = {Nathan Bodenstab and Aaron Dunlop and Keith Hall and Brian Roark},
  title     = {Beam-Width Prediction for Efficient Context-Free Parsing},
  booktitle = {Proceedings of {ACL}},
  address   = {Portland, Oregon, USA},
  month     = {June},
  pages     = {440--449},
  year      = {2011},
}

Constituency and depenency parsing for italian
@InProceedings{BOSCO08.528,
  author    = {Cristina Bosco and Alessandro Mazzei and Vincenzo Lombardo and Giuseppe Attardi and Anna Corazza and Alberto Lavelli and Leonardo Lesmo and Giorgio Satta and Maria Simi},
  title     = {Comparing Italian parsers on a common Treebank: the EVALITA experience},
  booktitle = {Proceedings of {LREC}},
  address   = {Marrakech, Morocco},
  month     = {May},
  year      = {2008},
}

@InProceedings{Briscoe-Carroll:2006,
  author    = {Ted Briscoe and John Carroll},
  title     = {Evaluating the accuracy of an unlexicalized statistical parser on the {PARC} {DepBank}},
  booktitle = {Proceedings of {ACL}},
  address   = {Sydney, Australia},
  month     = {July},
  pages     = {41--48},
  year      = {2006},
}

@InBook{Briscoe-Carroll-Graham-Copestake:2002,
  author    = {Ted Briscoe and John Carroll and Jonathan Graham and Ann Copestake},
  title     = {Relational Evaluation Schemes},
  booktitle = {Proceedings of the Beyond PARSEVAL Workshop at {LREC}},
  address   = {Las Palmas, Canary Islands, Spain},
  month     = {May},
  pages     = {4--8},
  year      = {2002},
}

@InProceedings{Carroll-etal:1998,
  author    = {John Carroll and Ted Briscoe and Antonio Sanfilippo},
  title     = {Parser evaluation: a survey and a new proposal},
  booktitle = {Proceedings of {LREC}},
  address   = {Granada, Spain},
  month     = {May},
  pages     = {447--454},
  year      = {1998},
}

Compares constituency and depency parsers, with some error analysis discussed
All looking at dependencies
@InProceedings{cer2010,
  author    = {Daniel Cer and Marie-Catherine {de Marneffe} and Daniel Jurafsky and Christopher D. Manning},
  title     = {Parsing to Stanford Dependencies: Trade-offs between speed and accuracy},
  booktitle = {Proceedings of {LREC}},
  address   = {Valletta, Malta},
  month     = {May},
  year      = {2010},
}

@InProceedings{Charniak-Johnson:2005,
  author    = {Eugene Charniak and Mark Johnson},
  title     = {Coarse-to-fine n-best parsing and MaxEnt discriminative reranking},
  booktitle = {Proceedings of {ACL}},
  address   = {Ann Arbor, Michigan, USA},
  month     = {June},
  pages     = {173--180},
  year      = {2005},
}

@InProceedings{Charniak:2000,
  author    = {Eugene Charniak},
  title     = {A maximum-entropy-inspired parser},
  booktitle = {Proceedings of {NAACL}},
  address   = {Seattle, Washington, USA},
  month     = {April},
  pages     = {132--139},
  year      = {2000},
}

@InProceedings{Clark-Hockenmaier:2002,
  author    = {Stephen Clark and Julia Hockenmaier},
  title     = {Evaluating a Wide-Coverage CCG Parser},
  booktitle = {Proceedings of the {LREC} Beyond Parseval Workshop},
  address   = {Las Palmas, Canary Islands, Spain},
  month     = {May},
  year      = {2002},
}

Consider some qualitative analysis of linguistic types of errors
@InProceedings{Clegg:2005:EIT:1626315.1626317,
  author    = {Andrew B. Clegg and Adrian J. Shepherd},
  title     = {Evaluating and integrating treebank parsers on a biomedical corpus},
  booktitle = {Proceedings of the {ACL} Workshop on Software},
  address   = {Ann Arbor, Michigan, USA},
  month     = {June},
  pages     = {14--33},
  year      = {2005},
}

@InProceedings{Collins:1997,
  author    = {Michael Collins},
  title     = {Three generative, lexicalised models for statistical parsing},
  booktitle = {Proceedings of {ACL}},
  address   = {Madrid, Spain},
  month     = {July},
  pages     = {16--23},
  year      = {1997},
}

@InProceedings{collins:00,
  author    = {Michael Collins},
  title     = {Discriminative Reranking for Natural Language Parsing},
  booktitle = {Proceedings of {ICML}},
  address   = {Palo Alto, California, USA},
  month     = {June},
  pages     = {175--182},
  year      = {2000},
}

@Article{Collins:2003,
  author    = {Michael Collins},
  title     = {Head-Driven Statistical Models for Natural Language Parsing},
  address   = {Cambridge, Massachusetts, USA},
  journal   = {Computational Linguistics},
  number    = {4},
  pages     = {589--637},
  publisher = {MIT Press},
  volume    = {29},
  year      = {2003},
}

@InProceedings{Dridan-Oepen:2011,
  author    = {Rebecca Dridan and Stephan Oepen},
  title     = {Parser Evaluation Using Elementary Dependency Matching},
  booktitle = {Proceedings of {IWPT}},
  address   = {Dublin, Ireland},
  month     = {October},
  pages     = {225--230},
  year      = {2011},
}

@InProceedings{Dunlop-Bodenstab-Roark:2011,
  author    = {Aaron Dunlop and Nathan Bodenstab and Brian Roark},
  title     = {Efficient Matrix-Encoded Grammars and Low Latency Parallelization Strategies for CYK},
  booktitle = {Proceedings of {IWPT}},
  address   = {Dublin, Ireland},
  month     = {October},
  pages     = {163--174},
  year      = {2011},
}

Compares parsers, gives scores, and a breakdown for dependencies
@InProceedings{conf/lrec/FosterG08,
  author    = {Jennifer Foster and Josef van Genabith},
  title     = {Parser Evaluation and the BNC: Evaluating 4 constituency parsers with 3 metrics.},
  booktitle = {Proceedings of {LREC}},
  address   = {Marrakech, Morocco},
  month     = {May},
  year      = {2008},
}

First comparison across domains
@InProceedings{Gildea:2001,
  author    = {Daniel Gildea},
  title     = {Corpus variation and parser performance},
  booktitle = {Proceedings of {EMNLP}},
  address   = {Pittsburgh, Pennsylvania, USA},
  month     = {June},
  pages     = {167--202},
  year      = {2001},
}

A few parsers, standard metrics, some light analysis
@InProceedings{Green:2010:BAP:1873781.1873826,
  author    = {Spence Green and Christopher D. Manning},
  title     = {Better Arabic parsing: baselines, evaluations, and analysis},
  booktitle = {Proceedings of {Coling}},
  address   = {Beijing, China},
  month     = {August},
  pages     = {394--402},
  year      = {2010},
}


Do some analysis very similar to ours, but on a small set of sentences by hand
@InProceedings{Hara:2007:EIR:1621410.1621412,
  author    = {Tadayoshi Hara and Yusuke Miyao and Jun'ichi Tsujii},
  title     = {Evaluating impact of re-training a lexical disambiguation model on domain adaptation of an HPSG parser},
  booktitle = {Proceedings of {IWPT}},
  address   = {Prague, Czech Republic},
  month     = {June},
  pages     = {11--22},
  year      = {2007},
}

Another perspective on error analysis, fixing errors and seeing the impact on the parse (still dependencies)
@InProceedings{Hara:2009:DEA:1699648.1699662,
  author    = {Tadayoshi Hara and Yusuke Miyao and Jun'ichi Tsujii},
  title     = {Descriptive and empirical approaches to capturing underlying dependencies among parsing errors},
  booktitle = {Proceedings of {EMNLP}},
  address   = {Singapore},
  month     = {August},
  pages     = {1162--1171},
  year      = {2009},
}

@InProceedings{Henderson:2003,
  author    = {Henderson, James},
  title     = {Inducing history representations for broad coverage statistical parsing},
  booktitle = {Proceedings of {NAACL}},
  address   = {Edmonton, Canada},
  month     = {May},
  pages     = {24--31},
  year      = {2003},
}

@InProceedings{Henderson:2004,
  author    = {Henderson, James},
  title     = {Discriminative training of a neural network statistical parser},
  booktitle = {Proceedings of {ACL}},
  address   = {Barcelona, Spain},
  month     = {July},
  pages     = {95--102},
  year      = {2004},
}

@InProceedings{huang:08a,
  author    = {Liang Huang},
  title     = {Forest Reranking: Discriminative Parsing with Non-Local Features},
  booktitle = {Proceedings of {ACL}},
  address   = {Columbus, Ohio, USA},
  month     = {June},
  pages     = {586--594},
  year      = {2008},
}

@InProceedings{Klein-Manning:2003,
  author    = {Dan Klein and Christopher D. Manning},
  title     = {Accurate unlexicalized parsing},
  booktitle = {Proceedings of {ACL}},
  address   = {Sapporo, Japan},
  month     = {July},
  pages     = {423--430},
  year      = {2003},
}

@InProceedings{Klein-Manning:2003:NIPS,
  author    = {Dan Klein and Christopher D. Manning},
  title     = {Fast Exact Inference with a Factored Model for Natural Language Parsing},
  booktitle = {Proceedings of {NIPS}},
  address   = {Vancouver, British Columbia, Canada},
  month     = {December},
  pages     = {3--10},
  year      = {2003},
}

@Article{Lin:1998,
  author    = {Dekang Lin},
  title     = {A dependency-based method for evaluating broad-coverage parsers},
  address   = {New York, New York, USA},
  journal   = {Natural Language Engineering},
  number    = {2},
  pages     = {97--114},
  publisher = {Cambridge University Press},
  volume    = {4},
  year      = {1998},
}

@Article{Marcus-Marcinkiewicz-Santorini:1993,
  author    = {Mitchell P. Marcus and Mary Ann Marcinkiewicz and Beatrice Santorini},
  title     = {Building a large annotated corpus of English: the penn treebank},
  address   = {Cambridge, MA, USA},
  journal   = {Computational Linguistics},
  number    = {2},
  pages     = {313--330},
  publisher = {MIT Press},
  volume    = {19},
  year      = {1993},
}

@InProceedings{McClosky-Charniak-Johnson:2006,
  author    = {David McClosky and Eugene Charniak and Mark Johnson},
  title     = {Effective self-training for parsing},
  booktitle = {Proceedings of {NAACL}},
  address   = {New York, New York, USA},
  month     = {June},
  pages     = {152--159},
  year      = {2006},
}

@InProceedings{McClosky:2008,
  author    = {David McClosky and Eugene Charniak and Mark Johnson},
  title     = {When is self-training effective for parsing?},
  booktitle = {Proceedings of {Coling}},
  location  = {Manchester, United Kingdom},
  month     = {August},
  pages     = {561--568},
  year      = {2008},
}

To some extent, this, but for dependency parsers
@InProceedings{mcdonald-nivre:2007:EMNLP-CoNLL2007,
  author    = {Ryan McDonald and Joakim Nivre},
  title     = {Characterizing the Errors of Data-Driven Dependency Parsing Models},
  booktitle = {Proceedings of {EMNLP}},
  address   = {Prague, Czech Republic},
  month     = {June},
  pages     = {122--131},
  year      = {2007},
}

@InProceedings{miyao-EtAl:2008:ACLMain,
  author    = {Yusuke Miyao and Rune S{\ae}tre and Kenji Sagae and Takuya Matsuzaki and Jun'ichi Tsujii},
  title     = {Task-oriented Evaluation of Syntactic Parsers and Their Representations},
  booktitle = {Proceedings of {ACL}},
  address   = {Columbus, Ohio, USA},
  month     = {June},
  pages     = {46--54},
  year      = {2008},
}

@InProceedings{Ng-Curran:2012,
  author    = {Dominick Ng and James R. Curran},
  title     = {N-Best {CCG} parsing and reranking},
  booktitle = {Proceedings of {ACL}},
  address   = {Jeju, South Korea},
  month     = {July},
  pages     = {},
  year      = {2012},
}

@InProceedings{Ng-etal:2010,
  author    = {Dominick Ng and Matthew Honnibal and James R. Curran},
  title     = {Reranking a wide-coverage ccg parser},
  booktitle = {Proceedings of {ALTA}},
  address   = {Melbourne, Australia},
  month     = {December},
  pages     = {90--98},
  year      = {2010},
}

Compares constituent and dependency parsers, focusing on behaviour for ubounded dependencies.
@InProceedings{Nivre:2010,
  author    = {Joakim Nivre and Laura Rimell and Ryan McDonald and Carlos G\'{o}mez-Rodr\'{\i}guez},
  title     = {Evaluation of dependency parsers on unbounded dependencies},
  booktitle = {Proceedings of {Coling}},
  address   = {Beijing, China},
  month     = {August},
  pages     = {833--841},
  year      = {2010},
}

@InProceedings{Petrov-Klein:2007,
  author    = {Slav Petrov and Dan Klein},
  title     = {Improved Inference for Unlexicalized Parsing},
  booktitle = {Proceedings of {NAACL}},
  address   = {Rochester, New York, USA},
  month     = {April},
  pages     = {404--411},
  year      = {2007},
}

@Misc{Petrov:2012,
  author    = {Slav Petrov and Ryan McDonald},
  title     = {{SANCL} {S}hared {T}ask},
  year      = {2012},
  howpublished = {{LDC}2012E43},
  note      = {Linguistic Data Consortium. Philadelphia, {Philadelphia}, {USA}},
}

@InProceedings{Petrov-etal:2006,
  author    = {Slav Petrov and Leon Barrett and Romain Thibaux and Dan Klein},
  title     = {Learning accurate, compact, and interpretable tree annotation},
  booktitle = {Proceedings of {ACL}},
  address   = {Sydney, Australia},
  month     = {July},
  pages     = {433--440},
  year      = {2006},
}

@InProceedings{Quirk-CorstonOliver:2006,
  author    = {Chris Quirk and Simon Corston-Oliver},
  title     = {The impact of parse quality on syntactically-informed statistical machine translation},
  booktitle = {Proceedings of {EMNLP}},
  address   = {Sydney, Australia},
  month     = {July},
  pages     = {62--69},
  year      = {2006},
}

@InProceedings{yu-EtAl:2011:IWPT,
  author    = {Kun Yu and Yusuke Miyao and Takuya Matsuzaki and Xiangli Wang and Junichi Tsujii},
  title     = {Analysis of the Difficulties in Chinese Deep Parsing},
  booktitle = {Proceedings of {IWPT}},
  address   = {Dublin, Ireland},
  month     = {October},
  pages     = {48--57},
  year      = {2011},
}

@InProceedings{Yuret-han-turgut:2010,
  author    = {Deniz Yuret and Aydin Han and Zehra Turgut},
  title     = {SemEval-2010 Task 12: Parser Evaluation Using Textual Entailments},
  booktitle = {Proceedings of the 5th International Workshop on Semantic Evaluation},
  address   = {Uppsala, Sweden},
  month     = {July},
  pages     = {51--56},
  year      = {2010},
}

@InProceedings{King:2003,
  author    = {Tracy H. King and Richard Crouch and Stefan Riezler and Mary Dalrymple and Ronald M. Kaplan},
  title     = {The {PARC} 700 Dependency Bank},
  booktitle = {Proceedings of the 4th International Workshop on Linguistically Interpreted Corpora at {EACL}},
  address   = {Budapest, Hungary},
  month     = {April},
  year      = {2003},
}
